@inproceedings{koenig2004design,
author={N. {Koenig} and A. {Howard}},
booktitle={2004 IEEE/RSJ International Conference on Intelligent Robots and Systems (IROS) (IEEE Cat. No.04CH37566)},
title={Design and use paradigms for Gazebo, an open-source multi-robot simulator},
year={2004},
volume={3},
number={},
pages={2149-2154 vol.3},
keywords={multi-robot systems;mobile robots;digital simulation;application program interfaces;control engineering computing;Gazebo;open-source multi-robot simulator;mobile robots;grained control;Player project;Stage project;Open source software;Educational robots;Vehicle dynamics;Robot sensing systems;Packaging;Computational modeling;Service robots;Mobile robots;Friction;Testing},
doi={10.1109/IROS.2004.1389727},
ISSN={null},
month={Sep.},
}

@inproceedings{quigley2009ros,
  title={ROS: an open-source Robot Operating System},
  author={Quigley, Morgan and Conley, Ken and Gerkey, Brian and Faust, Josh and Foote, Tully and Leibs, Jeremy and Wheeler, Rob and Ng, Andrew Y},
  booktitle={ICRA workshop on open source software},
  volume={3},
  number={3.2},
  pages={5},
  year={2009},
  organization={Kobe, Japan}
}

@article{greene1986environment,
author={N. {Greene}},
journal={IEEE Computer Graphics and Applications},
title={Environment Mapping and Other Applications of World Projections},
year={1986},
volume={6},
number={11},
pages={21-29},
keywords={Reflection;Lighting;Ray tracing;Surface treatment;Solid modeling;Filtering;Graphics;Tree graphs;Terrain mapping;Surface texture},
doi={10.1109/MCG.1986.276658},
ISSN={1558-1756},
month={Nov},
}

@article{martinez2018unrealrox,
  title={UnrealROX: an extremely photorealistic virtual reality environment for robotics simulations and synthetic data generation},
  author={Martinez-Gonzalez, Pablo and Oprea, Sergiu and Garcia-Garcia, Alberto and Jover-Alvarez, Alvaro and Orts-Escolano, Sergio and Garcia-Rodriguez, Jose},
  journal={arXiv preprint arXiv:1810.06936},
  year={2018}
}

@inproceedings{haddadin2007safety,
  title={Safety Evaluation of Physical Human-Robot Interaction via Crash-Testing.},
  author={Haddadin, Sami and Albu-Sch{\"a}ffer, Alin and Hirzinger, Gerd},
  booktitle={Robotics: Science and Systems},
  volume={3},
  pages={217--224},
  year={2007},
  organization={Citeseer}
}

@inproceedings{staranowicz2011survey,
author = {Staranowicz, Aaron and Mariottini, Gian Luca},
 title = {A Survey and Comparison of Commercial and Open-Source Robotic Simulator Software},
 year = {2011},
 isbn = {9781450307727},
 publisher = {Association for Computing Machinery},
 address = {New York, NY, USA},
 url = {https://doi.org/10.1145/2141622.2141689},
 doi = {10.1145/2141622.2141689},
 booktitle = {Proceedings of the 4th International Conference on PErvasive Technologies Related to Assistive Environments},
 articleno = {Article 56},
 numpages = {8},
 keywords = {open-source, portability, player, robotic simulators, virtual environments for assistive applications, stage, survey, ROS, gazebo},
 location = {Heraklion, Crete, Greece},
 series = {PETRA ’11}
}
@INPROCEEDINGS{7759425,
author={J. {Skinner} and S. {Garg} and N. {Sünderhauf} and P. {Corke} and B. {Upcroft} and M. {Milford}},
booktitle={2016 IEEE/RSJ International Conference on Intelligent Robots and Systems (IROS)},
title={High-fidelity simulation for evaluating robotic vision performance},
year={2016},
volume={},
number={},
pages={2737-2744},
keywords={cameras;learning (artificial intelligence);neural nets;object recognition;robot vision;SLAM (robots);multidomain demonstration;convolution neural network;lighting conditions;robust place recognition;object recognition;visual SLAM;photo-realistic simulation tool;machine learning;camera;robotic vision performance evaluation;high-fidelity simulation;Cameras;Lighting;Engines;Visualization;Simultaneous localization and mapping;Robot vision systems},
doi={10.1109/IROS.2016.7759425},
ISSN={2153-0866},
month={Oct},}
